@inproceedings{lane2015deepear,
  title={DeepEar: robust smartphone audio sensing in unconstrained acoustic environments using deep learning},
  author={Lane, Nicholas D and Georgiev, Petko and Qendro, Lorena},
  booktitle={Proceedings of the 2015 ACM International Joint Conference on Pervasive and Ubiquitous Computing},
  pages={283--294},
  year={2015},
  organization={ACM}
}

@inproceedings{xu2015finger,
  title={Finger-writing with smartwatch: A case for finger and hand gesture recognition using smartwatch},
  author={Xu, Chao and Pathak, Parth H and Mohapatra, Prasant},
  booktitle={Proceedings of the 16th International Workshop on Mobile Computing Systems and Applications},
  pages={9--14},
  year={2015},
  organization={ACM}
}

@inproceedings{sun2015widraw,
  title={Widraw: Enabling hands-free drawing in the air on commodity wifi devices},
  author={Sun, Li and Sen, Souvik and Koutsonikolas, Dimitrios and Kim, Kyu-Han},
  booktitle={Proceedings of the 21st Annual International Conference on Mobile Computing and Networking},
  pages={77--89},
  year={2015},
  organization={ACM}
}

@inproceedings{zhao2016emotion,
  title={Emotion recognition using wireless signals},
  author={Zhao, Mingmin and Adib, Fadel and Katabi, Dina},
  booktitle={Proceedings of the 22nd Annual International Conference on Mobile Computing and Networking},
  pages={95--108},
  year={2016},
  organization={ACM}
}

@inproceedings{li2016wifinger,
  title={WiFinger: talk to your smart devices with finger-grained gesture},
  author={Li, Hong and Yang, Wei and Wang, Jianxin and Xu, Yang and Huang, Liusheng},
  booktitle={Proceedings of the 2016 ACM International Joint Conference on Pervasive and Ubiquitous Computing},
  pages={250--261},
  year={2016},
  organization={ACM}
}

@book{vukovic2004adaptive,
  title={Adaptive, planning based, web service composition for context awareness},
  author={Vukovic, Maja and Robinson, Peter},
  year={2004},
  publisher={na}
}
@article{mogelmose2012vision,
  title={Vision-based traffic sign detection and analysis for intelligent driver assistance systems: Perspectives and survey},
  author={Mogelmose, Andreas and Trivedi, Mohan Manubhai and Moeslund, Thomas B},
  journal={IEEE Transactions on Intelligent Transportation Systems},
  volume={13},
  number={4},
  pages={1484--1497},
  year={2012},
  publisher={IEEE}
}

@inproceedings{gupta2012soundwave,
  title={Soundwave: using the doppler effect to sense gestures},
  author={Gupta, Sidhant and Morris, Daniel and Patel, Shwetak and Tan, Desney},
  booktitle={Proceedings of the SIGCHI Conference on Human Factors in Computing Systems},
  pages={1911--1914},
  year={2012},
  organization={ACM}
}

@article{wu2013will,
  title={WILL: Wireless indoor localization without site survey},
  author={Wu, Chenshu and Yang, Zheng and Liu, Yunhao and Xi, Wei},
  journal={IEEE Transactions on Parallel and Distributed Systems},
  volume={24},
  number={4},
  pages={839--848},
  year={2013},
  publisher={IEEE}
}
@inproceedings{zheng2016smokey,
  title={Smokey: Ubiquitous smoking detection with commercial WiFi infrastructures},
  author={Zheng, Xiaolong and Wang, Jiliang and Shangguan, Longfei and Zhou, Zimu and Liu, Yunhao},
  booktitle={Computer Communications, IEEE INFOCOM 2016-The 35th Annual IEEE International Conference on},
  pages={1--9},
  year={2016},
  organization={IEEE}
}

@inproceedings{wu2016widir,
  title={WiDir: walking direction estimation using wireless signals},
  author={Wu, Dan and Zhang, Daqing and Xu, Chenren and Wang, Yasha and Wang, Hao},
  booktitle={Proceedings of the 2016 ACM International Joint Conference on Pervasive and Ubiquitous Computing},
  pages={351--362},
  year={2016},
  organization={ACM}
}

@inproceedings{wang2016human,
  title={Human respiration detection with commodity wifi devices: do user location and body orientation matter?},
  author={Wang, Hao and Zhang, Daqing and Ma, Junyi and Wang, Yasha and Wang, Yuxiang and Wu, Dan and Gu, Tao and Xie, Bing},
  booktitle={Proceedings of the 2016 ACM International Joint Conference on Pervasive and Ubiquitous Computing},
  pages={25--36},
  year={2016},
  organization={ACM}
}

@article{yang2013rssi,
  title={From RSSI to CSI: Indoor localization via channel response},
  author={Yang, Zheng and Zhou, Zimu and Liu, Yunhao},
  journal={ACM Computing Surveys (CSUR)},
  volume={46},
  number={2},
  pages={25},
  year={2013},
  publisher={ACM}
}

@inproceedings{pu2013whole,
  title={Whole-home gesture recognition using wireless signals},
  author={Pu, Qifan and Gupta, Sidhant and Gollakota, Shyamnath and Patel, Shwetak},
  booktitle={Proceedings of the 19th annual international conference on Mobile computing \& networking},
  pages={27--38},
  year={2013},
  organization={ACM}
}
@inproceedings{ding2016device,
  title={Device-free detection of approach and departure behaviors using backscatter communication},
  author={Ding, Han and Qian, Chen and Han, Jinsong and Wang, Ge and Jiang, Zhiping and Zhao, Jizhong and Xi, Wei},
  booktitle={Proceedings of the 2016 ACM International Joint Conference on Pervasive and Ubiquitous Computing},
  pages={167--177},
  year={2016},
  organization={ACM}
}

@article{barton1988modern,
  title={Modern radar system analysis},
  author={Barton, David K},
  journal={Norwood, MA, Artech House, 1988, 607 p.},
  volume={1},
  year={1988}
}
@inproceedings{wang2016gait,
  title={Gait recognition using wifi signals},
  author={Wang, Wei and Liu, Alex X and Shahzad, Muhammad},
  booktitle={Proceedings of the 2016 ACM International Joint Conference on Pervasive and Ubiquitous Computing},
  pages={363--373},
  year={2016},
  organization={ACM}
}
@article{chang2016we,
  title={We Can" See" You via Wi-Fi-An Overview and Beyond},
  author={Chang, Jen-Yin and Lee, Kuan-Ying and Wei, Yu-Lin and Lin, Kate Ching-Ju and Hsu, Winston},
  journal={arXiv preprint arXiv:1608.05461},
  year={2016}
}
@book{zh2004ieee,
  title={IEEE 802.11 无线局域网},
  author={金纯 and 陈林星 and 杨吉云},
  year={2004},
  publisher={电子工业出版社},
  language={zh}
}

@article{qian2014usrpsensing,
  title={基于软件定义无线电的无线感知},
  author={钱堃},
  year={2014},
  language={zh}
}

@article{lvwirelesssurvey,
  title={基于无线信号的行为识别技术综述},
  author={吕绍和 and 张闽 and 王晓东 and 周兴铭},
  language={zh}
}
@article{pedsafe2016,
  title={PedSafe: 基于声波检测分析的运动车辆检测},
  author={党标 and 吕绍和 and 鲁勇 and 王晓东},
  language={zh}
}


@book{nee2000ofdm,
  title={OFDM for wireless multimedia communications},
  author={Nee, Richard van and Prasad, Ramjee},
  year={2000},
  publisher={Artech House, Inc.}
}

@article{torrence1998practical,
  title={A practical guide to wavelet analysis},
  author={Torrence, Christopher and Compo, Gilbert P},
  journal={Bulletin of the American Meteorological society},
  volume={79},
  number={1},
  pages={61--78},
  year={1998}
}

@inproceedings{chen2012fm,
  title={FM-based indoor localization},
  author={Chen, Yin and Lymberopoulos, Dimitrios and Liu, Jie and Priyantha, Bodhi},
  booktitle={Proceedings of the 10th international conference on Mobile systems, applications, and services},
  pages={169--182},
  year={2012},
  organization={ACM}
}

@inproceedings{yang2012locating,
  title={Locating in fingerprint space: wireless indoor localization with little human intervention},
  author={Yang, Zheng and Wu, Chenshu and Liu, Yunhao},
  booktitle={Proceedings of the 18th annual international conference on Mobile computing and networking},
  pages={269--280},
  year={2012},
  organization={ACM}
}

@inproceedings{leibe2007dynamic,
  title={Dynamic 3d scene analysis from a moving vehicle},
  author={Leibe, Bastian and Cornelis, Nico and Cornelis, Kurt and Van Gool, Luc},
  booktitle={2007 IEEE Conference on Computer Vision and Pattern Recognition},
  pages={1--8},
  year={2007},
  organization={IEEE}
}

@article{zhou2007moving,
  title={Moving vehicle detection for automatic traffic monitoring},
  author={Zhou, Jie and Gao, Dashan and Zhang, David},
  journal={IEEE transactions on vehicular technology},
  volume={56},
  number={1},
  pages={51--59},
  year={2007},
  publisher={IEEE}
}


@inproceedings{rankin2005passive,
  title={Passive perception system for day/night autonomous off-road navigation},
  author={Rankin, Arturo L and Bergh, Charles F and Goldberg, Steven B and Bellutta, Paolo and Huertas, Andres and Matthies, Larry H},
  booktitle={Defense and Security},
  pages={343--358},
  year={2005},
  organization={International Society for Optics and Photonics}
}

@article{chen2015fusion,
  title={Fusion of WiFi, smartphone sensors and landmarks using the Kalman filter for indoor localization},
  author={Chen, Zhenghua and Zou, Han and Jiang, Hao and Zhu, Qingchang and Soh, Yeng Chai and Xie, Lihua},
  journal={Sensors},
  volume={15},
  number={1},
  pages={715--732},
  year={2015},
  publisher={Multidisciplinary Digital Publishing Institute}
}

@article{zhang2013senstrack,
  title={Senstrack: Energy-efficient location tracking with smartphone sensors},
  author={Zhang, Lei and Liu, Jiangchuan and Jiang, Hongbo and Guan, Yong},
  journal={IEEE Sensors Journal},
  volume={13},
  number={10},
  pages={3775--3784},
  year={2013},
  publisher={IEEE}
}

@article{renaudin2014magnetic,
  title={Magnetic, acceleration fields and gyroscope quaternion (MAGYQ)-based attitude estimation with smartphone sensors for indoor pedestrian navigation},
  author={Renaudin, Val{\'e}rie and Combettes, Christophe},
  journal={Sensors},
  volume={14},
  number={12},
  pages={22864--22890},
  year={2014},
  publisher={Multidisciplinary Digital Publishing Institute}
}

@inproceedings{wibisono2013falls,
  title={Falls detection and notification system using tri-axial accelerometer and gyroscope sensors of a smartphone},
  author={Wibisono, Waskitho and Arifin, Dedy Nur and Pratomo, Baskoro Adi and Ahmad, Tohari and Ijtihadie, Royyana M},
  booktitle={2013 Conference on Technologies and Applications of Artificial Intelligence},
  pages={382--385},
  year={2013},
  organization={IEEE}
}

@article{bilger2013auto,
  title={Auto Correct: Has the self-driving car at last arrived},
  author={Bilger, Burkhard},
  journal={The New Yorker},
  pages={96--117},
  year={2013}
}

@inproceedings{feng2014trac,
  title={TRAC: Truthful auction for location-aware collaborative sensing in mobile crowdsourcing},
  author={Feng, Zhenni and Zhu, Yanmin and Zhang, Qian and Ni, Lionel M and Vasilakos, Athanasios V},
  booktitle={IEEE INFOCOM 2014-IEEE Conference on Computer Communications},
  pages={1231--1239},
  year={2014},
  organization={IEEE}
}
@article{del2015tracking,
  title={Tracking the evolution of smartphone sensing for monitoring human movement},
  author={del Rosario, Michael B and Redmond, Stephen J and Lovell, Nigel H},
  journal={Sensors},
  volume={15},
  number={8},
  pages={18901--18933},
  year={2015},
  publisher={Multidisciplinary Digital Publishing Institute}
}

@article{chen2015real,
  title={Real-time smartphone sensing and recommendations towards context-awareness shopping},
  author={Chen, Chia-Chen and Huang, Tien-Chi and Park, James J and Yen, Neil Y},
  journal={Multimedia Systems},
  volume={21},
  number={1},
  pages={61--72},
  year={2015},
  publisher={Springer}
}
@inproceedings{sermanet2013pedestrian,
  title={Pedestrian detection with unsupervised multi-stage feature learning},
  author={Sermanet, Pierre and Kavukcuoglu, Koray and Chintala, Soumith and LeCun, Yann},
  booktitle={Proceedings of the IEEE Conference on Computer Vision and Pattern Recognition},
  pages={3626--3633},
  year={2013}
}

@book{burdea2003virtual,
  title={Virtual reality technology},
  author={Burdea, Grigore C and Coiffet, Philippe},
  volume={1},
  year={2003},
  publisher={John Wiley \& Sons}
}

@article{bowyer2006survey,
  title={A survey of approaches and challenges in 3D and multi-modal 3D+ 2D face recognition},
  author={Bowyer, Kevin W and Chang, Kyong and Flynn, Patrick},
  journal={Computer vision and image understanding},
  volume={101},
  number={1},
  pages={1--15},
  year={2006},
  publisher={Elsevier}
}


@article{liu2009uwave,
  title={uWave: Accelerometer-based personalized gesture recognition and its applications},
  author={Liu, Jiayang and Zhong, Lin and Wickramasuriya, Jehan and Vasudevan, Venu},
  journal={Pervasive and Mobile Computing},
  volume={5},
  number={6},
  pages={657--675},
  year={2009},
  publisher={Elsevier}
}

@article{jtrednetcn,
  title={Rednet},
  year={2014},
  url={http://jt.rednet.cn/c/2014/11/25/3531305.htm}
}
@article{nanjingdaily15789,
  title={Nanjing Daily},
  year={2015},
  url={http://njrb.njdaily.cn/njrb/html/2015-05/29/content_157879.htm}
}
@article{news163com140416,
  title={News163},
  year={2014},
  url={http://news.163.com/14/0416/05/9PU9SOLH00014Q4P.html}
}
@article{wikiloudness,
  title={Wikipedia Loudness},
  url={https://en.wikipedia.org/wiki/Loudness}
}
@article{zhou2015headsup,
  title={HeadsUp: keeping pedestrian phone addicts from dangers using mobile phone sensors},
  author={Zhou, Zhengjuan},
  journal={International Journal of Distributed Sensor Networks},
  volume={2015},
  pages={5},
  year={2015},
  publisher={Taylor \& Francis, Inc.}
}
@article{david2015mobile,
  title={Mobile phone distraction while studying},
  author={David, Prabu and Kim, Jung-Hyun and Brickman, Jared S and Ran, Weina and Curtis, Christine M},
  journal={new media \& society},
  volume={17},
  number={10},
  pages={1661--1679},
  year={2015},
  publisher={Sage Publications}
}
@article{jung2014smartphone,
  title={What a smartphone is to me: understanding user values in using smartphones},
  author={Jung, Yoonhyuk},
  journal={Information Systems Journal},
  volume={24},
  number={4},
  pages={299--321},
  year={2014},
  publisher={Wiley Online Library}
}
@inproceedings{you2013carsafe,
  title={CarSafe app: alerting drowsy and distracted drivers using dual cameras on smartphones},
  author={You, Chuang-Wen and Lane, Nicholas D and Chen, Fanglin and Wang, Rui and Chen, Zhenyu and Bao, Thomas J and Montes-de-Oca, Martha and Cheng, Yuting and Lin, Mu and Torresani,
  Lorenzo and others},
  booktitle={Proceeding of the 11th annual international conference on Mobile systems, applications, and services},
  pages={13--26},
  year={2013},
  organization={ACM}
}
@inproceedings{wang2012walksafe,
  title={WalkSafe: a pedestrian safety app for mobile phone users who walk and talk while crossing roads},
  author={Wang, Tianyu and Cardone, Giuseppe and Corradi, Antonio and Torresani, Lorenzo and Campbell, Andrew T},
  booktitle={Proceedings of the Twelfth Workshop on Mobile Computing Systems \& Applications},
  pages={5},
  year={2012},
  organization={ACM}
}
@inproceedings{carroll2010analysis,
  title={An Analysis of Power Consumption in a Smartphone.},
  author={Carroll, Aaron and Heiser, Gernot},
  booktitle={USENIX annual technical conference},
  volume={14},
  year={2010},
  organization={Boston, MA}
}
@article{junhong2006cae,
  title={CAE process to simulate and optimise engine noise and vibration},
  author={Junhong, Zhang and Jun, Han},
  journal={Mechanical Systems and Signal Processing},
  volume={20},
  number={6},
  pages={1400--1409},
  year={2006},
  publisher={Elsevier}
}
@techreport{veres1976tire,
  title={A tire noise investigation and test method},
  author={Veres, Robert Edward},
  year={1976},
  institution={SAE Technical Paper}
}
@article{kuhn2013analyzing,
  title={Analyzing acoustic phenomena with a smartphone microphone},
  author={Kuhn, Jochen and Vogt, Patrik},
  journal={The Physics Teacher},
  volume={51},
  number={2},
  pages={118--119},
  year={2013},
  publisher={American Association of Physics Teachers}
}
@article{romme1989hearing,
  title={Hearing voices.},
  author={Romme, Marius A and Escher, Alexandre D},
  journal={Schizophrenia bulletin},
  volume={15},
  number={2},
  pages={209},
  year={1989},
  publisher={National Institute of Mental Health}
}
@article{du2009analysis,
  title={Analysis and study on diesel engine noise and noise suppressor [J]},
  author={DU, Hong and LI, Li and LUO, Jian-min},
  journal={Machinery Design \& Manufacture},
  volume={8},
  pages={039},
  year={2009}
}
@article{bisio2011context,
  title={Context-Aware Smartphone Services},
  author={Bisio, Igor and Lavagetto, Fabio and Marchese, Mario},
  journal={Pervasive Computing and Communications Design and Deployment: Technologies, Trends and Applications},
  pages={24--47},
  year={2011}
}
@inproceedings{primo2014context,
  title={Context-aware active authentication using smartphone accelerometer measurements},
  author={Primo, Abena and Phoha, Vir V and Kumar, Rajesh and Serwadda, Abdul},
  booktitle={Proceedings of the IEEE Conference on Computer Vision and Pattern Recognition Workshops},
  pages={98--105},
  year={2014}
}
@inproceedings{papliatseyeu2009mobile,
  title={Mobile habits: Inferring and predicting user activities with a location-aware smartphone},
  author={Papliatseyeu, Andrei and Mayora, Oscar},
  booktitle={3rd Symposium of Ubiquitous Computing and Ambient Intelligence 2008},
  pages={343--352},
  year={2009},
  organization={Springer}
}
@inproceedings{hao2013isleep,
  title={iSleep: unobtrusive sleep quality monitoring using smartphones},
  author={Hao, Tian and Xing, Guoliang and Zhou, Gang},
  booktitle={Proceedings of the 11th ACM Conference on Embedded Networked Sensor Systems},
  pages={4},
  year={2013},
  organization={ACM}
}
@inproceedings{eren2012estimating,
  title={Estimating driving behavior by a smartphone},
  author={Eren, Haluk and Makinist, Semiha and Akin, Erhan and Yilmaz, Alper},
  booktitle={Intelligent Vehicles Symposium (IV), 2012 IEEE},
  pages={234--239},
  year={2012},
  organization={IEEE}
}
@inproceedings{datta2014towards,
  title={Towards city-scale smartphone sensing of potentially unsafe pedestrian movements},
  author={Datta, Trisha and Jain, Shubham and Gruteser, Marco},
  booktitle={2014 IEEE 11th International Conference on Mobile Ad Hoc and Sensor Systems},
  pages={663--667},
  year={2014},
  organization={IEEE}
}
@inproceedings{astapov2012hierarchical,
  title={A hierarchical algorithm for moving vehicle identification based on acoustic noise analysis},
  author={Astapov, Sergei and Riid, Andri},
  booktitle={Proc. of MIXDES},
  year={2012}
}
@article{yamazakipcm,
  title={PCM Audio Recording},
  author={Yamazaki, Yoshio},
  journal={Dept. of Science \& Technology, Waseda University},
  pages={2--10}
}
@inproceedings{frigo1998fftw,
  title={FFTW: An adaptive software architecture for the FFT},
  author={Frigo, Matteo and Johnson, Steven G},
  booktitle={Acoustics, Speech and Signal Processing, 1998. Proceedings of the 1998 IEEE International Conference on},
  volume={3},
  pages={1381--1384},
  year={1998},
  organization={IEEE}
}
